<?xml version = "1.0" encoding = "UTF-8"?>
  <collection xmlns="http://www.loc.gov/MARC21/slim"
xmlns:xsi="http://www.w3.org/2001/XMLSchema-instance"
xsi:schemaLocation="http://www.loc.gov/MARC21/slim
http://www.loc.gov/standards/marcxml/schema/MARC21slim.xsd">
    <record xmlns="http://www.loc.gov/MARC21/slim"
xmlns:xsi="http://www.w3.org/2001/XMLSchema-instance"
xsi:schemaLocation="http://www.loc.gov/MARC21/slim
http://www.loc.gov/standards/marcxml/schema/MARC21slim.xsd">
      <leader>00782cam  2200265   4500</leader>
      <controlfield tag="005">20060813104530.0</controlfield>
      <controlfield tag="008">860513s1941    enk           00010 eng c</controlfield>
      <datafield tag="010" ind1=" " ind2=" ">
        <subfield code="a">A 41003388</subfield>
      </datafield>
      <datafield tag="035" ind1=" " ind2=" ">
        <subfield code="a">1546310</subfield>
      </datafield>
      <datafield tag="043" ind1=" " ind2=" ">
        <subfield code="a">e-uk---</subfield>
      </datafield>
      <datafield tag="049" ind1=" " ind2=" ">
        <subfield code="a">NRLF</subfield>
      </datafield>
      <datafield tag="090" ind1=" " ind2=" ">
        <subfield code="a">DA584</subfield>
        <subfield code="b">.B4</subfield>
      </datafield>
      <datafield tag="100" ind1="1" ind2=" ">
        <subfield code="a">Beal, Erica.</subfield>
      </datafield>
      <datafield tag="245" ind1="1" ind2="0">
        <subfield code="a">King Emperor,</subfield>
        <subfield code="b">the life of King George VI,</subfield>
        <subfield code="c">by Erica Beal.</subfield>
      </datafield>
      <datafield tag="260" ind1="0" ind2=" ">
        <subfield code="a">London,</subfield>
        <subfield code="b">Collins,</subfield>
        <subfield code="c">1941.</subfield>
      </datafield>
      <datafield tag="300" ind1=" " ind2=" ">
        <subfield code="a">320 p.</subfield>
        <subfield code="b">front., plates, ports.</subfield>
        <subfield code="c">22 cm.</subfield>
      </datafield>
      <datafield tag="600" ind1="0" ind2="0">
        <subfield code="a">George</subfield>
        <subfield code="b">VI,</subfield>
        <subfield code="c">King of Great Britain,</subfield>
        <subfield code="d">1895-1952.</subfield>
      </datafield>
      <datafield tag="651" ind1=" " ind2="0">
        <subfield code="a">Great Britain</subfield>
        <subfield code="x">History</subfield>
        <subfield code="y">George VI, 1936-1952.</subfield>
      </datafield>
      <datafield tag="651" ind1=" " ind2="0">
        <subfield code="a">Great Britain</subfield>
        <subfield code="x">History</subfield>
        <subfield code="y">20th century.</subfield>
      </datafield>
      <datafield tag="908" ind1=" " ind2=" ">
        <subfield code="a">ASL/ASL</subfield>
      </datafield>
      <datafield tag="935" ind1="1" ind2=" ">
        <subfield code="a">AFG-9653</subfield>
      </datafield>
      <datafield tag="948" ind1=" " ind2=" ">
        <subfield code="a">LTI 10/24/2000</subfield>
      </datafield>
      <datafield tag="999" ind1=" " ind2=" ">
        <subfield code="a">OCLC Reclamation Project 8/2008 (RLIN mono)</subfield>
        <subfield code="b">OCLC# added 9/2008</subfield>
      </datafield>
    </record>