

<record xmlns="http://www.loc.gov/MARC21/slim"
xmlns:xsi="http://www.w3.org/2001/XMLSchema-instance"
xsi:schemaLocation="http://www.loc.gov/MARC21/slim
http://www.loc.gov/standards/marcxml/schema/MARC21slim.xsd">
  <leader>00843cam  2200277   4500</leader>
  <controlfield tag="005">20100716221401.0</controlfield>
  <controlfield tag="008">860512s1945    enkc          000 0 eng</controlfield>
  <datafield tag="010" ind1=" " ind2=" ">
    <subfield code="a">46003228</subfield>
  </datafield>
  <datafield tag="035" ind1=" " ind2=" ">
    <subfield code="a">2629159</subfield>
  </datafield>
  <datafield tag="043" ind1=" " ind2=" ">
    <subfield code="a">e-uk---</subfield>
  </datafield>
  <datafield tag="049" ind1=" " ind2=" ">
    <subfield code="a">NRLF</subfield>
  </datafield>
  <datafield tag="082" ind1=" " ind2=" ">
    <subfield code="a">942.08</subfield>
  </datafield>
  <datafield tag="090" ind1=" " ind2=" ">
    <subfield code="a">DA566</subfield>
    <subfield code="b">.W55</subfield>
  </datafield>
  <datafield tag="100" ind1="1" ind2=" ">
    <subfield code="a">Wingfield-Stratford, Esmé,</subfield>
    <subfield code="d">1882-1971.</subfield>
  </datafield>
  <datafield tag="245" ind1="1" ind2="0">
    <subfield code="a">Before the lamps went out,</subfield>
    <subfield code="c">by Esmé Wingfield-Stratford.</subfield>
  </datafield>
  <datafield tag="260" ind1="0" ind2=" ">
    <subfield code="a">London,</subfield>
    <subfield code="b">Hodder &amp; Stoughton limited</subfield>
    <subfield code="c">[1945]</subfield>
  </datafield>
  <datafield tag="300" ind1=" " ind2=" ">
    <subfield code="a">255, [1] p.</subfield>
    <subfield code="b">front. (port.)</subfield>
    <subfield code="c">23 cm.</subfield>
  </datafield>
  <datafield tag="500" ind1=" " ind2=" ">
    <subfield code="a">&quot;First printed September 1945.&quot;</subfield>
  </datafield>
  <datafield tag="651" ind1=" " ind2="0">
    <subfield code="a">Great Britain</subfield>
    <subfield code="x">History</subfield>
    <subfield code="y">20th century.</subfield>
  </datafield>
  <datafield tag="651" ind1=" " ind2="0">
    <subfield code="a">Great Britain</subfield>
    <subfield code="x">Social life and customs</subfield>
    <subfield code="y">20th century.</subfield>
  </datafield>
  <datafield tag="908" ind1=" " ind2=" ">
    <subfield code="a">AES/AES</subfield>
  </datafield>
  <datafield tag="935" ind1="1" ind2=" ">
    <subfield code="a">AGC-0267</subfield>
  </datafield>
  <datafield tag="948" ind1=" " ind2=" ">
    <subfield code="a">LTI 10/24/2000</subfield>
  </datafield>
  <datafield tag="948" ind1=" " ind2=" ">
    <subfield code="a">LTI 07/08/2010 qtrly</subfield>
  </datafield>
  <datafield tag="999" ind1=" " ind2=" ">
    <subfield code="a">OCLC Reclamation Project 8/2008 (RLIN mono)</subfield>
    <subfield code="b">OCLC# added 9/2008</subfield>
  </datafield>
</record>