

<record xmlns="http://www.loc.gov/MARC21/slim"
xmlns:xsi="http://www.w3.org/2001/XMLSchema-instance"
xsi:schemaLocation="http://www.loc.gov/MARC21/slim
http://www.loc.gov/standards/marcxml/schema/MARC21slim.xsd">
  <leader>00965cam  2200349 a 4500</leader>
  <controlfield tag="005">20060815014108.0</controlfield>
  <controlfield tag="008">851025s1985    enkac         001 0deng d</controlfield>
  <datafield tag="020" ind1=" " ind2=" ">
    <subfield code="a">0283991550</subfield>
  </datafield>
  <datafield tag="035" ind1=" " ind2=" ">
    <subfield code="a">16753547</subfield>
  </datafield>
  <datafield tag="043" ind1=" " ind2=" ">
    <subfield code="a">e-uk---</subfield>
  </datafield>
  <datafield tag="049" ind1=" " ind2=" ">
    <subfield code="a">MAIN</subfield>
  </datafield>
  <datafield tag="090" ind1=" " ind2=" ">
    <subfield code="a">DA531.1</subfield>
    <subfield code="b">.M67 1985</subfield>
  </datafield>
  <datafield tag="100" ind1="1" ind2=" ">
    <subfield code="a">Mosley, Diana,</subfield>
    <subfield code="d">1910-2003.</subfield>
  </datafield>
  <datafield tag="245" ind1="1" ind2="0">
    <subfield code="a">Loved ones :</subfield>
    <subfield code="b">pen portraits /</subfield>
    <subfield code="c">by Diana Mosley.</subfield>
  </datafield>
  <datafield tag="260" ind1="0" ind2=" ">
    <subfield code="a">London :</subfield>
    <subfield code="b">Sidgwick &amp; Jackson,</subfield>
    <subfield code="c">1985.</subfield>
  </datafield>
  <datafield tag="300" ind1=" " ind2=" ">
    <subfield code="a">224 p. :</subfield>
    <subfield code="b">ill., ports. ;</subfield>
    <subfield code="c">24 cm.</subfield>
  </datafield>
  <datafield tag="500" ind1=" " ind2=" ">
    <subfield code="a">Includes indexes.</subfield>
  </datafield>
  <datafield tag="651" ind1=" " ind2="0">
    <subfield code="a">Great Britain</subfield>
    <subfield code="v">Biography.</subfield>
  </datafield>
  <datafield tag="651" ind1=" " ind2="0">
    <subfield code="a">Great Britain</subfield>
    <subfield code="x">History</subfield>
    <subfield code="y">20th century.</subfield>
  </datafield>
  <datafield tag="651" ind1=" " ind2="0">
    <subfield code="a">Great Britain</subfield>
    <subfield code="x">Intellectual life.</subfield>
  </datafield>
  <datafield tag="908" ind1=" " ind2=" ">
    <subfield code="a">JC /JC</subfield>
  </datafield>
  <datafield tag="935" ind1="1" ind2=" ">
    <subfield code="a">ACW-5679</subfield>
  </datafield>
  <datafield tag="948" ind1=" " ind2=" ">
    <subfield code="a">LTI 10/24/2000</subfield>
  </datafield>
  <datafield tag="948" ind1=" " ind2=" ">
    <subfield code="a">LTI 07/11/2006 qtrly</subfield>
  </datafield>
  <datafield tag="949" ind1=" " ind2=" ">
    <subfield code="a">31175011152736</subfield>
  </datafield>
  <datafield tag="949" ind1=" " ind2=" ">
    <subfield code="a">31175011152736</subfield>
  </datafield>
  <datafield tag="999" ind1=" " ind2=" ">
    <subfield code="a">OCLC Reclamation Project 8/2008 (RLIN mono)</subfield>
    <subfield code="b">OCLC# added 10/2008</subfield>
  </datafield>
</record>