

<record xmlns="http://www.loc.gov/MARC21/slim"
xmlns:xsi="http://www.w3.org/2001/XMLSchema-instance"
xsi:schemaLocation="http://www.loc.gov/MARC21/slim
http://www.loc.gov/standards/marcxml/schema/MARC21slim.xsd">
  <leader>00996cam  22003251  4500</leader>
  <controlfield tag="005">20140625142821.0</controlfield>
  <controlfield tag="008">890531s1948    enkb          00000 eng d</controlfield>
  <datafield tag="035" ind1=" " ind2=" ">
    <subfield code="a">366997</subfield>
  </datafield>
  <datafield tag="090" ind1=" " ind2=" ">
    <subfield code="a">DA30</subfield>
    <subfield code="b">.O4 v.8</subfield>
  </datafield>
  <datafield tag="100" ind1="1" ind2=" ">
    <subfield code="a">Marriott, J. A. R.</subfield>
    <subfield code="q">(John Arthur Ransome),</subfield>
    <subfield code="c">Sir,</subfield>
    <subfield code="d">1859-1945.</subfield>
  </datafield>
  <datafield tag="245" ind1="1" ind2="0">
    <subfield code="a">Modern England, 1885-1945;</subfield>
    <subfield code="b">a history of my own times.</subfield>
  </datafield>
  <datafield tag="250" ind1=" " ind2=" ">
    <subfield code="a">4th ed.</subfield>
  </datafield>
  <datafield tag="260" ind1="0" ind2=" ">
    <subfield code="a">London,</subfield>
    <subfield code="b">Methuen</subfield>
    <subfield code="c">[1948]</subfield>
  </datafield>
  <datafield tag="300" ind1=" " ind2=" ">
    <subfield code="a">xix, 591 p.</subfield>
    <subfield code="b">maps (part fold.)</subfield>
    <subfield code="c">23 cm.</subfield>
  </datafield>
  <datafield tag="490" ind1="1" ind2=" ">
    <subfield code="a">A history of England, edited by Sir Charles Oman,</subfield>
    <subfield code="v">v. 8</subfield>
  </datafield>
  <datafield tag="599" ind1=" " ind2=" ">
    <subfield code="a">Digitized by Google in 2013/14 but access is denied due to copyright restriction.</subfield>
  </datafield>
  <datafield tag="651" ind1=" " ind2="0">
    <subfield code="a">Great Britain</subfield>
    <subfield code="x">History</subfield>
    <subfield code="y">Victoria, 1837-1901.</subfield>
  </datafield>
  <datafield tag="651" ind1=" " ind2="0">
    <subfield code="a">Great Britain</subfield>
    <subfield code="x">History</subfield>
    <subfield code="y">20th century.</subfield>
  </datafield>
  <datafield tag="830" ind1=" " ind2="0">
    <subfield code="a">History of England ;</subfield>
    <subfield code="v">v. 8.</subfield>
  </datafield>
  <datafield tag="908" ind1=" " ind2=" ">
    <subfield code="a">/V1K</subfield>
  </datafield>
  <datafield tag="925" ind1=" " ind2=" ">
    <subfield code="c">uc1.31175004007756</subfield>
  </datafield>
  <datafield tag="935" ind1="1" ind2=" ">
    <subfield code="a">ADC-7656</subfield>
  </datafield>
  <datafield tag="948" ind1=" " ind2=" ">
    <subfield code="a">LTI 10/24/2000</subfield>
  </datafield>
  <datafield tag="999" ind1=" " ind2=" ">
    <subfield code="a">OCLC Reclamation Project 8/2008 (RLIN mono)</subfield>
    <subfield code="b">OCLC# added 10/2008</subfield>
  </datafield>
  <datafield tag="999" ind1=" " ind2=" ">
    <subfield code="a">Google Books Project 2013-14</subfield>
  </datafield>
</record>