

<record xmlns="http://www.loc.gov/MARC21/slim"
xmlns:xsi="http://www.w3.org/2001/XMLSchema-instance"
xsi:schemaLocation="http://www.loc.gov/MARC21/slim
http://www.loc.gov/standards/marcxml/schema/MARC21slim.xsd">
  <leader>00644cam  22002531  4500</leader>
  <controlfield tag="001">001558988</controlfield>
  <controlfield tag="005">20030305033419.0</controlfield>
  <controlfield tag="008">901121s1951    enk           00000 eng d</controlfield>
  <datafield tag="035" ind1=" " ind2=" ">
    <subfield code="a">4393156</subfield>
  </datafield>
  <datafield tag="049" ind1=" " ind2=" ">
    <subfield code="a">MAIN</subfield>
  </datafield>
  <datafield tag="090" ind1=" " ind2=" ">
    <subfield code="a">DA566.2</subfield>
    <subfield code="b">.P6</subfield>
  </datafield>
  <datafield tag="100" ind1="1" ind2=" ">
    <subfield code="a">Poole, R. H.</subfield>
  </datafield>
  <datafield tag="245" ind1="1" ind2="4">
    <subfield code="a">The picture story of fifty years,</subfield>
    <subfield code="b">1900-1950.</subfield>
  </datafield>
  <datafield tag="246" ind1="3" ind2=" ">
    <subfield code="a">Fifty years</subfield>
  </datafield>
  <datafield tag="260" ind1="0" ind2=" ">
    <subfield code="a">London :</subfield>
    <subfield code="b">Newnes,</subfield>
    <subfield code="c">[1951].</subfield>
  </datafield>
  <datafield tag="300" ind1=" " ind2=" ">
    <subfield code="a">191 p.</subfield>
    <subfield code="b">plates.</subfield>
  </datafield>
  <datafield tag="651" ind1=" " ind2="0">
    <subfield code="a">Great Britain</subfield>
    <subfield code="x">History</subfield>
    <subfield code="y">20th century.</subfield>
  </datafield>
  <datafield tag="908" ind1=" " ind2=" ">
    <subfield code="a">CJC/CJC</subfield>
  </datafield>
  <datafield tag="935" ind1="1" ind2=" ">
    <subfield code="a">AGL-1366</subfield>
  </datafield>
  <datafield tag="948" ind1=" " ind2=" ">
    <subfield code="a">LTI 10/24/2000</subfield>
  </datafield>
  <datafield tag="999" ind1=" " ind2=" ">
    <subfield code="a">OCLC Reclamation Project 8/2008 (RLIN mono)</subfield>
    <subfield code="b">OCLC# added 10/2008</subfield>
  </datafield>
</record>