

<record xmlns="http://www.loc.gov/MARC21/slim"
xmlns:xsi="http://www.w3.org/2001/XMLSchema-instance"
xsi:schemaLocation="http://www.loc.gov/MARC21/slim
http://www.loc.gov/standards/marcxml/schema/MARC21slim.xsd">
  <leader>01063cam  2200325Ia 4500</leader>
  <controlfield tag="003">OCoLC</controlfield>
  <controlfield tag="005">20141121193335.0</controlfield>
  <controlfield tag="008">930927s1993    enkac    b    001 0beng d</controlfield>
  <datafield tag="015" ind1=" " ind2=" ">
    <subfield code="a">GB93-50970</subfield>
  </datafield>
  <datafield tag="020" ind1=" " ind2=" ">
    <subfield code="a">0002159635 :</subfield>
    <subfield code="c">£20.00 : Formerly CIP</subfield>
  </datafield>
  <datafield tag="035" ind1=" " ind2=" ">
    <subfield code="a">29183825</subfield>
  </datafield>
  <datafield tag="040" ind1=" " ind2=" ">
    <subfield code="a">UKM</subfield>
    <subfield code="c">UKM</subfield>
    <subfield code="d">CUV</subfield>
  </datafield>
  <datafield tag="043" ind1=" " ind2=" ">
    <subfield code="a">e-uk---</subfield>
  </datafield>
  <datafield tag="049" ind1=" " ind2=" ">
    <subfield code="a">CUVA</subfield>
  </datafield>
  <datafield tag="082" ind1="0" ind2="4">
    <subfield code="a">384.54092</subfield>
    <subfield code="2">20</subfield>
  </datafield>
  <datafield tag="090" ind1=" " ind2=" ">
    <subfield code="a">DA574.R44</subfield>
    <subfield code="b">M34 1993</subfield>
  </datafield>
  <datafield tag="100" ind1="1" ind2=" ">
    <subfield code="a">McIntyre, Ian,</subfield>
    <subfield code="d">1931-2014.</subfield>
  </datafield>
  <datafield tag="245" ind1="1" ind2="4">
    <subfield code="a">The expense of glory :</subfield>
    <subfield code="b">a life of John Reith /</subfield>
    <subfield code="c">Ian McIntyre.</subfield>
  </datafield>
  <datafield tag="260" ind1=" " ind2=" ">
    <subfield code="a">London :</subfield>
    <subfield code="b">HarperCollins,</subfield>
    <subfield code="c">1993.</subfield>
  </datafield>
  <datafield tag="300" ind1=" " ind2=" ">
    <subfield code="a">xvi, 447 p., [17] p. of plates :</subfield>
    <subfield code="b">ill., ports. ;</subfield>
    <subfield code="c">24 cm.</subfield>
  </datafield>
  <datafield tag="504" ind1=" " ind2=" ">
    <subfield code="a">Includes bibliographical references and index.</subfield>
  </datafield>
  <datafield tag="600" ind1="1" ind2="0">
    <subfield code="a">Reith, John Charles Walsham Reith,</subfield>
    <subfield code="c">Baron,</subfield>
    <subfield code="d">1889-1971.</subfield>
  </datafield>
  <datafield tag="610" ind1="2" ind2="0">
    <subfield code="a">British Broadcasting Corporation.</subfield>
  </datafield>
  <datafield tag="650" ind1=" " ind2="0">
    <subfield code="a">Statesmen</subfield>
    <subfield code="z">Great Britain</subfield>
    <subfield code="v">Biography.</subfield>
  </datafield>
  <datafield tag="650" ind1=" " ind2="0">
    <subfield code="a">Broadcasting</subfield>
    <subfield code="z">Great Britain</subfield>
    <subfield code="x">History.</subfield>
  </datafield>
  <datafield tag="651" ind1=" " ind2="0">
    <subfield code="a">Great Britain</subfield>
    <subfield code="x">History</subfield>
    <subfield code="y">20th century.</subfield>
  </datafield>
  <datafield tag="910" ind1=" " ind2=" ">
    <subfield code="a">lwr olc mo</subfield>
  </datafield>
  <datafield tag="935" ind1="1" ind2=" ">
    <subfield code="a">AHU-9673</subfield>
  </datafield>
  <datafield tag="948" ind1=" " ind2=" ">
    <subfield code="a">LTI 10/24/2000</subfield>
  </datafield>
  <datafield tag="948" ind1=" " ind2=" ">
    <subfield code="a">LTI 07/12/2014 qtrly</subfield>
  </datafield>
  <datafield tag="949" ind1=" " ind2=" ">
    <subfield code="a">31175018354608</subfield>
  </datafield>
  <datafield tag="999" ind1=" " ind2=" ">
    <subfield code="a">OCLC Reclamation Project 8/2008</subfield>
  </datafield>
</record>