

<record xmlns="http://www.loc.gov/MARC21/slim"
xmlns:xsi="http://www.w3.org/2001/XMLSchema-instance"
xsi:schemaLocation="http://www.loc.gov/MARC21/slim
http://www.loc.gov/standards/marcxml/schema/MARC21slim.xsd">
  <leader>01097cam  2200325Ia 4500</leader>
  <controlfield tag="001">001684692</controlfield>
  <controlfield tag="003">OCoLC</controlfield>
  <controlfield tag="005">20030315123825.0</controlfield>
  <controlfield tag="008">930910s1993    enka     b    001 0beng d</controlfield>
  <datafield tag="015" ind1=" " ind2=" ">
    <subfield code="a">GB93-50880</subfield>
  </datafield>
  <datafield tag="020" ind1=" " ind2=" ">
    <subfield code="a">0856831360</subfield>
  </datafield>
  <datafield tag="035" ind1=" " ind2=" ">
    <subfield code="a">28773018</subfield>
  </datafield>
  <datafield tag="040" ind1=" " ind2=" ">
    <subfield code="a">DLM</subfield>
    <subfield code="c">DLM</subfield>
    <subfield code="d">CUV</subfield>
  </datafield>
  <datafield tag="043" ind1=" " ind2=" ">
    <subfield code="a">e-uk---</subfield>
  </datafield>
  <datafield tag="049" ind1=" " ind2=" ">
    <subfield code="a">CUVA</subfield>
  </datafield>
  <datafield tag="090" ind1=" " ind2=" ">
    <subfield code="a">DA568.A4</subfield>
    <subfield code="b">F73 1993</subfield>
  </datafield>
  <datafield tag="092" ind1="0" ind2=" ">
    <subfield code="a">941.71009208</subfield>
    <subfield code="b">Ar77f</subfield>
    <subfield code="2">20</subfield>
  </datafield>
  <datafield tag="100" ind1="1" ind2=" ">
    <subfield code="a">Frankland, Noble,</subfield>
    <subfield code="d">1922-</subfield>
  </datafield>
  <datafield tag="245" ind1="1" ind2="0">
    <subfield code="a">Witness of a century :</subfield>
    <subfield code="b">the life and times of Prince Arthur Duke of Connaught 1850-1942 /</subfield>
    <subfield code="c">Noble Frankland.</subfield>
  </datafield>
  <datafield tag="246" ind1="3" ind2=" ">
    <subfield code="a">Life and times of Prince Arthur Duke of Connaught 1850-1942</subfield>
  </datafield>
  <datafield tag="260" ind1=" " ind2=" ">
    <subfield code="a">London :</subfield>
    <subfield code="b">Shepheard-Walwyn,</subfield>
    <subfield code="c">1993.</subfield>
  </datafield>
  <datafield tag="300" ind1=" " ind2=" ">
    <subfield code="a">xvii, 476 p. :</subfield>
    <subfield code="b">ill. ;</subfield>
    <subfield code="c">24 cm.</subfield>
  </datafield>
  <datafield tag="504" ind1=" " ind2=" ">
    <subfield code="a">Includes bibliographical references (p. 391-399) and index.</subfield>
  </datafield>
  <datafield tag="600" ind1="0" ind2="0">
    <subfield code="a">Arthur,</subfield>
    <subfield code="c">Prince, Duke of Connaught,</subfield>
    <subfield code="d">1850-1942.</subfield>
  </datafield>
  <datafield tag="650" ind1=" " ind2="0">
    <subfield code="a">Royal houses</subfield>
    <subfield code="z">Great Britain.</subfield>
  </datafield>
  <datafield tag="651" ind1=" " ind2="0">
    <subfield code="a">Great Britain</subfield>
    <subfield code="x">History</subfield>
    <subfield code="y">19th century.</subfield>
  </datafield>
  <datafield tag="651" ind1=" " ind2="0">
    <subfield code="a">Great Britain</subfield>
    <subfield code="x">History</subfield>
    <subfield code="y">20th century.</subfield>
  </datafield>
  <datafield tag="910" ind1=" " ind2=" ">
    <subfield code="a">bsp olc mo</subfield>
  </datafield>
  <datafield tag="935" ind1="1" ind2=" ">
    <subfield code="a">AHX-2556</subfield>
  </datafield>
  <datafield tag="948" ind1=" " ind2=" ">
    <subfield code="a">LTI 10/24/2000</subfield>
  </datafield>
  <datafield tag="949" ind1=" " ind2=" ">
    <subfield code="a">31175018706526</subfield>
  </datafield>
  <datafield tag="999" ind1=" " ind2=" ">
    <subfield code="a">OCLC Reclamation Project 8/2008</subfield>
  </datafield>
</record>