

<record xmlns="http://www.loc.gov/MARC21/slim"
xmlns:xsi="http://www.w3.org/2001/XMLSchema-instance"
xsi:schemaLocation="http://www.loc.gov/MARC21/slim
http://www.loc.gov/standards/marcxml/schema/MARC21slim.xsd">
  <leader>02709cam  2200349 a 4500</leader>
  <controlfield tag="003">OCoLC</controlfield>
  <controlfield tag="005">20080418205936.0</controlfield>
  <controlfield tag="008">010508s2001    enkac    b    011 0 eng</controlfield>
  <datafield tag="010" ind1=" " ind2=" ">
    <subfield code="a">00108827</subfield>
  </datafield>
  <datafield tag="015" ind1=" " ind2=" ">
    <subfield code="a">GBA0-V2676</subfield>
  </datafield>
  <datafield tag="020" ind1=" " ind2=" ">
    <subfield code="a">0754602893</subfield>
  </datafield>
  <datafield tag="035" ind1=" " ind2=" ">
    <subfield code="a">45349932</subfield>
  </datafield>
  <datafield tag="040" ind1=" " ind2=" ">
    <subfield code="a">UKM</subfield>
    <subfield code="c">UKM</subfield>
    <subfield code="d">CUV</subfield>
  </datafield>
  <datafield tag="043" ind1=" " ind2=" ">
    <subfield code="a">e-uk---</subfield>
  </datafield>
  <datafield tag="049" ind1=" " ind2=" ">
    <subfield code="a">CUVA</subfield>
  </datafield>
  <datafield tag="090" ind1=" " ind2=" ">
    <subfield code="a">DA550</subfield>
    <subfield code="b">.S68 2001</subfield>
  </datafield>
  <datafield tag="245" ind1="0" ind2="0">
    <subfield code="a">Splendidly Victorian :</subfield>
    <subfield code="b">essays in nineteenth- and twentieth-century British history in honour of Walter L. Arnstein /</subfield>
    <subfield code="c">Michael H. Shirley, Todd E.A. Larson, editors.</subfield>
  </datafield>
  <datafield tag="260" ind1=" " ind2=" ">
    <subfield code="a">Aldershot ;</subfield>
    <subfield code="a">Burlington, VT :</subfield>
    <subfield code="b">Ashgate,</subfield>
    <subfield code="c">c2001.</subfield>
  </datafield>
  <datafield tag="300" ind1=" " ind2=" ">
    <subfield code="a">ix, 251 p. :</subfield>
    <subfield code="b">ill., 1 port. ;</subfield>
    <subfield code="c">23 cm.</subfield>
  </datafield>
  <datafield tag="504" ind1=" " ind2=" ">
    <subfield code="a">Includes bibliographical references and index.</subfield>
  </datafield>
  <datafield tag="505" ind1="0" ind2="0">
    <subfield code="t">Walter L. Arnstein, teacher and mentor /</subfield>
    <subfield code="r">Michael H. Shirley and Todd E.A. Larson --</subfield>
    <subfield code="t">Walter L. Arnstein : a collegial and personal appreciation /</subfield>
    <subfield code="r">Paul W. Schroeder -- &apos;The Prince of Whales&apos; : caricature, charivari, and the politics of morality /</subfield>
    <subfield code="r">Tamara Hunt --</subfield>
    <subfield code="t">Advertising the army : political aesthetics and British army fashion, 1815-1855 /</subfield>
    <subfield code="r">Scott Hughes Myerly --</subfield>
    <subfield code="t">Free trade radicals, education, and moral improvement in early Victorian England /</subfield>
    <subfield code="r">Richard F. Spall, Jr. --</subfield>
    <subfield code="t">Chartists after Chartism : Reynolds&apos;s newspaper and mid-Victorian political reform /</subfield>
    <subfield code="r">Michael H. Shirley --</subfield>
    <subfield code="t">&apos;A Whig private secretary is in itself fatal&apos; : Benjamin Disraeli, Lord Derby, party politics and naval administration, 1852 /</subfield>
    <subfield code="r">John Beeler --</subfield>
    <subfield code="t">&apos;Debtor to the Greeks and the Barbarians&apos; : religious periodicals and their influence in the Victorian prelude /</subfield>
    <subfield code="r">Marsh Wilkinson Jones --</subfield>
    <subfield code="t">Pyrrhic victory? The Bismarck myth and the Congress of Berlin in the British review press, 1878-79 /</subfield>
    <subfield code="r">Todd E.A. Larson --</subfield>
    <subfield code="t">London Missionary Society&apos;s Mongolian missions : British insights into the &apos;Great game&apos; in Asia /</subfield>
    <subfield code="r">Helen S. Hundley --</subfield>
    <subfield code="t">Nineteenth-century British townscape and the return of the market place to Victorian history /</subfield>
    <subfield code="r">James Schmiechen --</subfield>
    <subfield code="t">Cinemas and their managers in Depression England : a social function /</subfield>
    <subfield code="r">Stephen Shafer --</subfield>
    <subfield code="t">&apos;I used to take her to the doctor&apos;s and get the proper thing&apos; : twentieth-century health care choices in Lancashire working-class communities /</subfield>
    <subfield code="r">Lucinda McCray Beier.</subfield>
  </datafield>
  <datafield tag="651" ind1=" " ind2="0">
    <subfield code="a">Great Britain</subfield>
    <subfield code="x">History</subfield>
    <subfield code="y">Victoria, 1837-1901.</subfield>
  </datafield>
  <datafield tag="651" ind1=" " ind2="0">
    <subfield code="a">Great Britain</subfield>
    <subfield code="x">History</subfield>
    <subfield code="y">20th century.</subfield>
  </datafield>
  <datafield tag="651" ind1=" " ind2="0">
    <subfield code="a">Great Britain</subfield>
    <subfield code="x">Social conditions</subfield>
    <subfield code="y">19th century.</subfield>
  </datafield>
  <datafield tag="651" ind1=" " ind2="0">
    <subfield code="a">Great Britain</subfield>
    <subfield code="x">Social conditions</subfield>
    <subfield code="y">20th century.</subfield>
  </datafield>
  <datafield tag="700" ind1="1" ind2=" ">
    <subfield code="a">Larson, Todd E. A.</subfield>
  </datafield>
  <datafield tag="700" ind1="1" ind2=" ">
    <subfield code="a">Shirley, Michael H.</subfield>
  </datafield>
  <datafield tag="700" ind1="1" ind2=" ">
    <subfield code="a">Arnstein, Walter L.</subfield>
  </datafield>
  <datafield tag="910" ind1=" " ind2=" ">
    <subfield code="a">lbf olc mo</subfield>
  </datafield>
  <datafield tag="935" ind1="1" ind2=" ">
    <subfield code="a">AUX-3056</subfield>
  </datafield>
  <datafield tag="948" ind1=" " ind2=" ">
    <subfield code="a">LTI 09/28/2001</subfield>
  </datafield>
  <datafield tag="948" ind1=" " ind2=" ">
    <subfield code="a">LTI 01/19/2004</subfield>
  </datafield>
  <datafield tag="949" ind1=" " ind2=" ">
    <subfield code="a">31175026906944</subfield>
  </datafield>
  <datafield tag="994" ind1=" " ind2=" ">
    <subfield code="a">X0</subfield>
    <subfield code="b">CUV</subfield>
  </datafield>
  <datafield tag="999" ind1=" " ind2=" ">
    <subfield code="a">OCLC Reclamation Project 8/2008</subfield>
  </datafield>
</record>