

<record xmlns="http://www.loc.gov/MARC21/slim"
xmlns:xsi="http://www.w3.org/2001/XMLSchema-instance"
xsi:schemaLocation="http://www.loc.gov/MARC21/slim
http://www.loc.gov/standards/marcxml/schema/MARC21slim.xsd">
  <leader>01657cam  2200325 a 4500</leader>
  <controlfield tag="001">002039264</controlfield>
  <controlfield tag="003">OCoLC</controlfield>
  <controlfield tag="005">20030321033958.0</controlfield>
  <controlfield tag="008">990407s1999    nyuaf    b    001 0 eng d</controlfield>
  <datafield tag="010" ind1=" " ind2=" ">
    <subfield code="a">99212497</subfield>
  </datafield>
  <datafield tag="020" ind1=" " ind2=" ">
    <subfield code="a">0465057128 (pbk)</subfield>
    <subfield code="c">$17.00</subfield>
  </datafield>
  <datafield tag="020" ind1=" " ind2=" ">
    <subfield code="a">046505711X (cloth)</subfield>
    <subfield code="c">$30.00</subfield>
  </datafield>
  <datafield tag="035" ind1=" " ind2=" ">
    <subfield code="a">41124439</subfield>
  </datafield>
  <datafield tag="040" ind1=" " ind2=" ">
    <subfield code="a">NBPu</subfield>
    <subfield code="c">DLC</subfield>
    <subfield code="d">BKL</subfield>
    <subfield code="d">DPL</subfield>
    <subfield code="d">NGU</subfield>
    <subfield code="d">IQU</subfield>
    <subfield code="d">NOR</subfield>
    <subfield code="d">IXA</subfield>
  </datafield>
  <datafield tag="042" ind1=" " ind2=" ">
    <subfield code="a">lccopycat</subfield>
  </datafield>
  <datafield tag="049" ind1=" " ind2=" ">
    <subfield code="a">CUVA</subfield>
  </datafield>
  <datafield tag="090" ind1=" " ind2=" ">
    <subfield code="a">D511</subfield>
    <subfield code="b">.F475 1999</subfield>
  </datafield>
  <datafield tag="100" ind1="1" ind2=" ">
    <subfield code="a">Ferguson, Niall.</subfield>
  </datafield>
  <datafield tag="245" ind1="1" ind2="4">
    <subfield code="a">The pity of war /</subfield>
    <subfield code="c">Niall Ferguson.</subfield>
  </datafield>
  <datafield tag="260" ind1=" " ind2=" ">
    <subfield code="a">New York, NY :</subfield>
    <subfield code="b">Basic Books,</subfield>
    <subfield code="c">c1999.</subfield>
  </datafield>
  <datafield tag="300" ind1=" " ind2=" ">
    <subfield code="a">xliii, 563 p., [32] p. of plates :</subfield>
    <subfield code="b">ill. ;</subfield>
    <subfield code="c">21 cm.</subfield>
  </datafield>
  <datafield tag="504" ind1=" " ind2=" ">
    <subfield code="a">Includes bibliographical references (p. 517-541) and index.</subfield>
  </datafield>
  <datafield tag="505" ind1="0" ind2="0">
    <subfield code="g">ch. 1.</subfield>
    <subfield code="t">Myths of militarism --</subfield>
    <subfield code="g">ch. 2.</subfield>
    <subfield code="t">Empires, ententes and Edwardian appeasement --</subfield>
    <subfield code="g">ch. 3.</subfield>
    <subfield code="t">Britain&apos;s war of illusions --</subfield>
    <subfield code="g">ch. 4.</subfield>
    <subfield code="t">Arms and men --</subfield>
    <subfield code="g">ch. 5.</subfield>
    <subfield code="t">Public finance and national security --</subfield>
    <subfield code="g">ch. 6.</subfield>
    <subfield code="t">Last days of mankind: 28 June - 4 August 1914 --</subfield>
    <subfield code="g">ch. 7.</subfield>
    <subfield code="t">August days: the myth of war enthusiasm --</subfield>
    <subfield code="g">ch. 8.</subfield>
    <subfield code="t">Press gang --</subfield>
    <subfield code="g">ch. 9.</subfield>
    <subfield code="t">Economic capability: the advantage squandered --</subfield>
    <subfield code="g">ch. 10.</subfield>
    <subfield code="t">Strategy, tactics and the net body count --</subfield>
    <subfield code="g">ch. 11.</subfield>
    <subfield code="t">&apos;Maximum slaughter at minimum expense&apos;: war finance --</subfield>
    <subfield code="g">ch. 12.</subfield>
    <subfield code="t">Death instinct: why men fought --</subfield>
    <subfield code="g">ch. 13.</subfield>
    <subfield code="t">Captor&apos;s dilemma --</subfield>
    <subfield code="g">ch. 14.</subfield>
    <subfield code="t">How (not) to pay for the war.</subfield>
  </datafield>
  <datafield tag="599" ind1=" " ind2=" ">
    <subfield code="a">PromptCat.</subfield>
  </datafield>
  <datafield tag="650" ind1=" " ind2="0">
    <subfield code="a">World War, 1914-1918.</subfield>
  </datafield>
  <datafield tag="651" ind1=" " ind2="0">
    <subfield code="a">Great Britain</subfield>
    <subfield code="x">History</subfield>
    <subfield code="y">20th century.</subfield>
  </datafield>
  <datafield tag="910" ind1=" " ind2=" ">
    <subfield code="a">ybp olc mo lpl</subfield>
  </datafield>
  <datafield tag="935" ind1="1" ind2=" ">
    <subfield code="a">APS-9477</subfield>
  </datafield>
  <datafield tag="948" ind1=" " ind2=" ">
    <subfield code="a">LTI 01/03/2001</subfield>
  </datafield>
  <datafield tag="949" ind1=" " ind2=" ">
    <subfield code="a">31175025749261</subfield>
  </datafield>
  <datafield tag="999" ind1=" " ind2=" ">
    <subfield code="a">OCLC Reclamation Project 8/2008</subfield>
  </datafield>
  <datafield tag="912" ind1=" " ind2=" ">
    <subfield code="c">hist</subfield>
  </datafield>
</record>