

<record xmlns="http://www.loc.gov/MARC21/slim"
xmlns:xsi="http://www.w3.org/2001/XMLSchema-instance"
xsi:schemaLocation="http://www.loc.gov/MARC21/slim
http://www.loc.gov/standards/marcxml/schema/MARC21slim.xsd">
  <leader>02527cam  2200349 a 4500</leader>
  <controlfield tag="003">OCoLC</controlfield>
  <controlfield tag="005">20110212083354.0</controlfield>
  <controlfield tag="008">030114s2003    maua     b    001 0 eng</controlfield>
  <datafield tag="010" ind1=" " ind2=" ">
    <subfield code="a">2003000665</subfield>
  </datafield>
  <datafield tag="015" ind1=" " ind2=" ">
    <subfield code="a">GBA3-76188</subfield>
  </datafield>
  <datafield tag="020" ind1=" " ind2=" ">
    <subfield code="a">0631235000 (alk. paper)</subfield>
  </datafield>
  <datafield tag="020" ind1=" " ind2=" ">
    <subfield code="a">0631235019 (pbk. : alk. paper)</subfield>
  </datafield>
  <datafield tag="035" ind1=" " ind2=" ">
    <subfield code="a">51505814</subfield>
  </datafield>
  <datafield tag="040" ind1=" " ind2=" ">
    <subfield code="a">DLC</subfield>
    <subfield code="c">DLC</subfield>
    <subfield code="d">YDX</subfield>
    <subfield code="d">UKM</subfield>
    <subfield code="d">WPG</subfield>
    <subfield code="d">CUV</subfield>
  </datafield>
  <datafield tag="043" ind1=" " ind2=" ">
    <subfield code="a">e-uk---</subfield>
  </datafield>
  <datafield tag="050" ind1="0" ind2="0">
    <subfield code="a">DA600</subfield>
    <subfield code="b">.G45 2003</subfield>
  </datafield>
  <datafield tag="082" ind1="0" ind2="0">
    <subfield code="a">911/.41</subfield>
    <subfield code="2">21</subfield>
  </datafield>
  <datafield tag="245" ind1="0" ind2="0">
    <subfield code="a">Geographies of British modernity :</subfield>
    <subfield code="b">space and society in the twentieth century /</subfield>
    <subfield code="c">edited by David Gilbert, David Matless, and Brian Short.</subfield>
  </datafield>
  <datafield tag="260" ind1=" " ind2=" ">
    <subfield code="a">Malden, MA :</subfield>
    <subfield code="b">Blackwell Pub.,</subfield>
    <subfield code="c">2003.</subfield>
  </datafield>
  <datafield tag="300" ind1=" " ind2=" ">
    <subfield code="a">xi, 268 p. :</subfield>
    <subfield code="b">ill. ;</subfield>
    <subfield code="c">24 cm.</subfield>
  </datafield>
  <datafield tag="490" ind1="1" ind2=" ">
    <subfield code="a">RGS-IBG book series</subfield>
  </datafield>
  <datafield tag="504" ind1=" " ind2=" ">
    <subfield code="a">Includes bibliographical references and index.</subfield>
  </datafield>
  <datafield tag="505" ind1="0" ind2=" ">
    <subfield code="a">Historical geographies of British modernity / Brian Short, David Gilbert, David Matless -- A century of progress? Inequalities in British society, 1901-2000 / Danny Dorling -- The Conservative century? Geography and Conservative electoral success during the twentieth century / Ron Johnston ... [et al.] -- Mobility in the twentieth century: substituting commuting for migration? / Colin G. Pooley -- Qualifying the evidence: perceptions of rural change in Britain in the second half of the twentieth century / Alun Howkins -- &apos;A power for good or evil&apos;: geographies of the M1 in late fifties Britain / Peter Merriman -- A new England: landscape, exhibition and remaking industrial space in the 1930s / Denis Linehan -- A man&apos;s world? Masculinity and metropolitan modernity at Simpson Piccadilly / Bronwen Edwards -- Mosques, temples and gurdwaras: new sites of religion in twentieth-century Britain / Simon Naylor, James R. Ryan -- &apos;Stop being so English&apos;: suburban modernity and national identity in the twentieth century / David Gilbert, Rebecca Preston -- Nation, empire and cosmopolis: Ireland and the break with Britain / Gerry Kearns -- British geographical representations of imperialism and colonial development in the early and mid-twentieth century / Robin A. Butlin -- Emblematic landscapes of the British modern / David Matless, Brian Short, David Gilbert.</subfield>
  </datafield>
  <datafield tag="650" ind1=" " ind2="0">
    <subfield code="a">Human geography</subfield>
    <subfield code="z">Great Britain.</subfield>
  </datafield>
  <datafield tag="651" ind1=" " ind2="0">
    <subfield code="a">Great Britain</subfield>
    <subfield code="x">Historical geography.</subfield>
  </datafield>
  <datafield tag="651" ind1=" " ind2="0">
    <subfield code="a">Great Britain</subfield>
    <subfield code="x">Social conditions</subfield>
    <subfield code="y">20th century.</subfield>
  </datafield>
  <datafield tag="651" ind1=" " ind2="0">
    <subfield code="a">Great Britain</subfield>
    <subfield code="x">History</subfield>
    <subfield code="y">20th century.</subfield>
  </datafield>
  <datafield tag="700" ind1="1" ind2=" ">
    <subfield code="a">Gilbert, David.</subfield>
  </datafield>
  <datafield tag="700" ind1="1" ind2=" ">
    <subfield code="a">Short, Brian,</subfield>
    <subfield code="d">1944-</subfield>
  </datafield>
  <datafield tag="700" ind1="1" ind2=" ">
    <subfield code="a">Matless, David.</subfield>
  </datafield>
  <datafield tag="830" ind1=" " ind2="0">
    <subfield code="a">RGS-IBG book series.</subfield>
  </datafield>
  <datafield tag="910" ind1=" " ind2=" ">
    <subfield code="a">kxr dlc mo</subfield>
    <subfield code="d">20040226</subfield>
    <subfield code="u">cat</subfield>
  </datafield>
  <datafield tag="948" ind1=" " ind2=" ">
    <subfield code="a">LTI 06/23/2005</subfield>
  </datafield>
  <datafield tag="948" ind1=" " ind2=" ">
    <subfield code="a">LTI 01/10/2011 qtrly (nochg)</subfield>
  </datafield>
  <datafield tag="994" ind1=" " ind2=" ">
    <subfield code="a">X0</subfield>
    <subfield code="b">CUV</subfield>
  </datafield>
  <datafield tag="999" ind1=" " ind2=" ">
    <subfield code="a">OCLC Reclamation Project 8/2008</subfield>
  </datafield>
</record>