

<record xmlns="http://www.loc.gov/MARC21/slim"
xmlns:xsi="http://www.w3.org/2001/XMLSchema-instance"
xsi:schemaLocation="http://www.loc.gov/MARC21/slim
http://www.loc.gov/standards/marcxml/schema/MARC21slim.xsd">
  <leader>01308cam  2200301Ia 4500</leader>
  <controlfield tag="003">OCoLC</controlfield>
  <controlfield tag="005">20110212094319.0</controlfield>
  <controlfield tag="008">001106s2002    enkbf    b    001 0 eng d</controlfield>
  <datafield tag="020" ind1=" " ind2=" ">
    <subfield code="a">1860644481 (hbk)</subfield>
  </datafield>
  <datafield tag="020" ind1=" " ind2=" ">
    <subfield code="a">186064449X (pbk)</subfield>
  </datafield>
  <datafield tag="035" ind1=" " ind2=" ">
    <subfield code="a">48585806</subfield>
  </datafield>
  <datafield tag="040" ind1=" " ind2=" ">
    <subfield code="a">EQO</subfield>
    <subfield code="c">EQO</subfield>
    <subfield code="d">PRC</subfield>
    <subfield code="d">IQU</subfield>
  </datafield>
  <datafield tag="043" ind1=" " ind2=" ">
    <subfield code="a">e-uk---</subfield>
  </datafield>
  <datafield tag="090" ind1=" " ind2=" ">
    <subfield code="a">DA16</subfield>
    <subfield code="b">.B88 2002</subfield>
  </datafield>
  <datafield tag="100" ind1="1" ind2=" ">
    <subfield code="a">Butler, L. J.</subfield>
    <subfield code="q">(Lawrence J.)</subfield>
  </datafield>
  <datafield tag="245" ind1="1" ind2="0">
    <subfield code="a">Britain and Empire :</subfield>
    <subfield code="b">adjusting to a post-imperial world /</subfield>
    <subfield code="c">L.J. Butler.</subfield>
  </datafield>
  <datafield tag="260" ind1=" " ind2=" ">
    <subfield code="a">London ;</subfield>
    <subfield code="a">New York :</subfield>
    <subfield code="b">I.B. Taurus,</subfield>
    <subfield code="c">2002.</subfield>
  </datafield>
  <datafield tag="300" ind1=" " ind2=" ">
    <subfield code="a">xv, 249 p., [8] p. of plates :</subfield>
    <subfield code="b">ill., maps ;</subfield>
    <subfield code="c">24 cm.</subfield>
  </datafield>
  <datafield tag="490" ind1="1" ind2=" ">
    <subfield code="a">Foundations of Britain</subfield>
  </datafield>
  <datafield tag="500" ind1=" " ind2=" ">
    <subfield code="a">On cover : &quot;Foundations of Britain.&quot;</subfield>
  </datafield>
  <datafield tag="504" ind1=" " ind2=" ">
    <subfield code="a">Includes bibliographical references (p. 229-237) and index.</subfield>
  </datafield>
  <datafield tag="505" ind1="0" ind2=" ">
    <subfield code="a">Introduction -- The imperial system between the wars -- The impact of the Second World War -- Attlee and post-war adjustments, 1945-51 -- Change and control under Churchill and Eden, 1951-1957 -- Winds of change, 1957-64 -- Imperial aftermath -- Conclusion.</subfield>
  </datafield>
  <datafield tag="651" ind1=" " ind2="0">
    <subfield code="a">Great Britain</subfield>
    <subfield code="x">History</subfield>
    <subfield code="y">20th century.</subfield>
  </datafield>
  <datafield tag="651" ind1=" " ind2="0">
    <subfield code="a">Great Britain</subfield>
    <subfield code="x">Politics and government</subfield>
    <subfield code="y">20th century.</subfield>
  </datafield>
  <datafield tag="651" ind1=" " ind2="0">
    <subfield code="a">Great Britain</subfield>
    <subfield code="x">Foreign relations</subfield>
    <subfield code="y">20th century.</subfield>
  </datafield>
  <datafield tag="651" ind1=" " ind2="0">
    <subfield code="a">Great Britain</subfield>
    <subfield code="x">Colonies</subfield>
    <subfield code="x">History</subfield>
    <subfield code="y">20th century.</subfield>
  </datafield>
  <datafield tag="830" ind1=" " ind2="0">
    <subfield code="a">Foundations of Britain.</subfield>
  </datafield>
  <datafield tag="910" ind1=" " ind2=" ">
    <subfield code="a">asl olc mo</subfield>
    <subfield code="d">20040615</subfield>
    <subfield code="u">cat</subfield>
  </datafield>
  <datafield tag="948" ind1=" " ind2=" ">
    <subfield code="a">LTI 06/28/2005</subfield>
  </datafield>
  <datafield tag="948" ind1=" " ind2=" ">
    <subfield code="a">LTI 01/10/2011 qtrly (nochg)</subfield>
  </datafield>
  <datafield tag="994" ind1=" " ind2=" ">
    <subfield code="a">X0</subfield>
    <subfield code="b">CUV</subfield>
  </datafield>
  <datafield tag="999" ind1=" " ind2=" ">
    <subfield code="a">OCLC Reclamation Project 8/2008</subfield>
  </datafield>
</record>