

<record xmlns="http://www.loc.gov/MARC21/slim"
xmlns:xsi="http://www.w3.org/2001/XMLSchema-instance"
xsi:schemaLocation="http://www.loc.gov/MARC21/slim
http://www.loc.gov/standards/marcxml/schema/MARC21slim.xsd">
  <leader>     cam a22005894a 4500</leader>
  <controlfield tag="006">m        d</controlfield>
  <controlfield tag="007">cr unu--------</controlfield>
  <controlfield tag="008">010131s2001    caua    sb    001 0 eng</controlfield>
  <datafield tag="015" ind1=" " ind2=" ">
    <subfield code="a">GBA1-68018</subfield>
  </datafield>
  <datafield tag="035" ind1=" " ind2=" ">
    <subfield code="a">191037583</subfield>
  </datafield>
  <datafield tag="040" ind1=" " ind2=" ">
    <subfield code="a">DLC</subfield>
    <subfield code="c">DLC</subfield>
    <subfield code="d">C#P</subfield>
    <subfield code="d">UKM</subfield>
  </datafield>
  <datafield tag="042" ind1=" " ind2=" ">
    <subfield code="a">pcc</subfield>
  </datafield>
  <datafield tag="043" ind1=" " ind2=" ">
    <subfield code="a">e-uk---</subfield>
    <subfield code="a">e-gx---</subfield>
  </datafield>
  <datafield tag="082" ind1="0" ind2="0">
    <subfield code="a">362.86/0941/09041</subfield>
    <subfield code="2">21</subfield>
  </datafield>
  <datafield tag="090" ind1=" " ind2=" ">
    <subfield code="a">UB359.G7</subfield>
  </datafield>
  <datafield tag="100" ind1="1" ind2=" ">
    <subfield code="a">Cohen, Deborah,</subfield>
    <subfield code="d">1968-</subfield>
  </datafield>
  <datafield tag="245" ind1="1" ind2="4">
    <subfield code="a">The war come home</subfield>
    <subfield code="h">[electronic resource] :</subfield>
    <subfield code="b">disabled veterans in Britain and Germany, 1914-1939 /</subfield>
    <subfield code="c">Deborah Cohen</subfield>
  </datafield>
  <datafield tag="260" ind1=" " ind2=" ">
    <subfield code="a">Berkeley:</subfield>
    <subfield code="b">University of California Press,</subfield>
    <subfield code="c">c2001</subfield>
  </datafield>
  <datafield tag="300" ind1=" " ind2=" ">
    <subfield code="a">xii, 285 p. :</subfield>
    <subfield code="b">ill. ;</subfield>
    <subfield code="c">24 cm</subfield>
  </datafield>
  <datafield tag="504" ind1=" " ind2=" ">
    <subfield code="a">Includes bibliographical references (p. 199-278) and index</subfield>
  </datafield>
  <datafield tag="530" ind1=" " ind2=" ">
    <subfield code="a">Also available in print</subfield>
  </datafield>
  <datafield tag="650" ind1=" " ind2="0">
    <subfield code="a">Disabled veterans</subfield>
    <subfield code="z">Great Britain</subfield>
    <subfield code="x">History</subfield>
    <subfield code="y">20th century</subfield>
  </datafield>
  <datafield tag="650" ind1=" " ind2="0">
    <subfield code="a">Disabled veterans</subfield>
    <subfield code="z">Germany</subfield>
    <subfield code="x">History</subfield>
    <subfield code="y">20th century</subfield>
  </datafield>
  <datafield tag="650" ind1=" " ind2="0">
    <subfield code="a">World War, 1914-1918</subfield>
    <subfield code="x">Veterans</subfield>
    <subfield code="z">Great Britain</subfield>
    <subfield code="x">Care</subfield>
  </datafield>
  <datafield tag="650" ind1=" " ind2="0">
    <subfield code="a">World War, 1914-1918</subfield>
    <subfield code="x">Veterans</subfield>
    <subfield code="z">Germany</subfield>
    <subfield code="x">Care</subfield>
  </datafield>
  <datafield tag="651" ind1=" " ind2="0">
    <subfield code="a">Great Britain</subfield>
    <subfield code="x">History</subfield>
    <subfield code="y">20th century</subfield>
  </datafield>
  <datafield tag="651" ind1=" " ind2="0">
    <subfield code="a">Germany</subfield>
    <subfield code="x">History</subfield>
    <subfield code="y">20th century</subfield>
  </datafield>
  <datafield tag="655" ind1=" " ind2="7">
    <subfield code="a">Electronic texts.</subfield>
    <subfield code="2">local</subfield>
  </datafield>
  <datafield tag="776" ind1="1" ind2=" ">
    <subfield code="c">Original</subfield>
    <subfield code="z">0520220080</subfield>
    <subfield code="w">(DLC) 2001027088</subfield>
    <subfield code="w">(OCoLC)45871253</subfield>
  </datafield>
  <datafield tag="793" ind1="0" ind2=" ">
    <subfield code="a">University of California Press e-books collection online monographs</subfield>
  </datafield>
  <datafield tag="856" ind1="4" ind2="0">
    <subfield code="z">University of California Press. Restricted to UC campuses</subfield>
    <subfield code="u">http://ark.cdlib.org/ark:/13030/kt787022hk</subfield>
  </datafield>
  <datafield tag="910" ind1=" " ind2=" ">
    <subfield code="a">SCP autoload</subfield>
    <subfield code="d">20160216</subfield>
    <subfield code="u">PKG</subfield>
  </datafield>
</record>