

<record xmlns="http://www.loc.gov/MARC21/slim"
xmlns:xsi="http://www.w3.org/2001/XMLSchema-instance"
xsi:schemaLocation="http://www.loc.gov/MARC21/slim
http://www.loc.gov/standards/marcxml/schema/MARC21slim.xsd">
  <leader>     cam  22004574a 4500</leader>
  <controlfield tag="003">OCoLC</controlfield>
  <controlfield tag="005">20090130233301.0</controlfield>
  <controlfield tag="008">060808r20072006nyuabef  b    001 0 eng</controlfield>
  <datafield tag="010" ind1=" " ind2=" ">
    <subfield code="a">2006050123</subfield>
  </datafield>
  <datafield tag="020" ind1=" " ind2=" ">
    <subfield code="a">0060875984 (acid-free paper)</subfield>
  </datafield>
  <datafield tag="020" ind1=" " ind2=" ">
    <subfield code="a">9780060875985 (acid-free paper)</subfield>
  </datafield>
  <datafield tag="035" ind1=" " ind2=" ">
    <subfield code="a">71004609</subfield>
  </datafield>
  <datafield tag="040" ind1=" " ind2=" ">
    <subfield code="a">DLC</subfield>
    <subfield code="c">DLC</subfield>
    <subfield code="d">BAKER</subfield>
    <subfield code="d">OMP</subfield>
    <subfield code="d">YDXCP</subfield>
    <subfield code="d">FVC</subfield>
    <subfield code="d">C#P</subfield>
  </datafield>
  <datafield tag="043" ind1=" " ind2=" ">
    <subfield code="a">e-uk---</subfield>
    <subfield code="a">b------</subfield>
  </datafield>
  <datafield tag="049" ind1=" " ind2=" ">
    <subfield code="a">CUVA</subfield>
  </datafield>
  <datafield tag="050" ind1="0" ind2="0">
    <subfield code="a">DA16</subfield>
    <subfield code="b">.R46 2007</subfield>
  </datafield>
  <datafield tag="082" ind1="0" ind2="0">
    <subfield code="a">909/.097521081</subfield>
    <subfield code="2">22</subfield>
  </datafield>
  <datafield tag="100" ind1="1" ind2=" ">
    <subfield code="a">Roberts, Andrew,</subfield>
    <subfield code="d">1963-</subfield>
  </datafield>
  <datafield tag="245" ind1="1" ind2="2">
    <subfield code="a">A history of the English-speaking peoples since 1900 /</subfield>
    <subfield code="c">Andrew Roberts.</subfield>
  </datafield>
  <datafield tag="250" ind1=" " ind2=" ">
    <subfield code="a">1st U.S. ed.</subfield>
  </datafield>
  <datafield tag="260" ind1=" " ind2=" ">
    <subfield code="a">New York :</subfield>
    <subfield code="b">HarperCollins,</subfield>
    <subfield code="c">c2007.</subfield>
  </datafield>
  <datafield tag="300" ind1=" " ind2=" ">
    <subfield code="a">xiii, 736 p., [16] p. of plates :</subfield>
    <subfield code="b">ill. (some col.), maps, plans ;</subfield>
    <subfield code="c">24 cm.</subfield>
  </datafield>
  <datafield tag="500" ind1=" " ind2=" ">
    <subfield code="a">Continues Winston Churchill&apos;s A history of the English-speaking peoples.</subfield>
  </datafield>
  <datafield tag="500" ind1=" " ind2=" ">
    <subfield code="a">&quot;First published in Great Britain in 2006 by Weidenfeld &amp; Nicolson&quot;--T.p. verso.</subfield>
  </datafield>
  <datafield tag="505" ind1="0" ind2=" ">
    <subfield code="a">A portrait of the English-speaking peoples at the dawn of the twentieth century -- Shouldering &apos;The white manʼs burden&apos;: 1900-4 -- American arrives: 1905-14 -- The first assault: Prussian militarism 1914-17 -- Peace guilt: 1918-19 -- American energy: 1920-9 -- Capitalism at bay: 1929-31 -- The second assault: fascist aggression 1931-9 -- Divided and faltering: 1939-41 -- United and conquering: 1942-4 -- Normandy to Nagasaki: 1944-5 -- The third assault: Soviet communism 1945-9 -- Cold War perils: the 1950s -- Civis Americanus sum: the 1960s -- The long, dismal, drawling tides: the 1970s -- Attritional victory: the 1980s -- The wasted breathing space: 1990-11 September 2001 -- The fourth assault: Islamicist terrorism and its de facto allies: 11 September 2001-15 December 2005 -- Conclusion.</subfield>
  </datafield>
  <datafield tag="520" ind1=" " ind2=" ">
    <subfield code="a">Taking up the mantle of Winston Churchill, Roberts delivers the ambitious sequel to one of the greatest, most influential books of the 20th century. In 1900, where Churchill ended the fourth volume of his History of the English Speaking Peoples, the United States had not yet emerged onto the world scene as a great power. Meanwhile, the British Empire was in decline but did not yet know it. Any number of other powers might have won primacy in the twentieth century and beyond, including Germany, Russia, possibly even France. Yet the coming century was to belong to the English-speaking peoples, who successively and successfully fought the Kaiserʼs Germany, Axis aggression and Soviet Communism, and who are now struggling against Islamic fundamentalist terrorism.</subfield>
  </datafield>
  <datafield tag="520" ind1=" " ind2=" ">
    <subfield code="a">Andrew Roberts brilliantly reveals what made the English-speaking people the preeminent political culture since 1900, and how they have defended their primacy from the many assaults upon them. What connects those countries where the majority of the population speaks English as a first language-the United States, Great Britain, Canada, Australia, New Zealand, the West Indies and Ireland-is far greater than what separates them, and the development of their history since 1900 has been a phenomenal success story. Book jacket.</subfield>
  </datafield>
  <datafield tag="520" ind1=" " ind2=" ">
    <subfield code="a">Also includes information on Al-Queda, Osama bin-Laden, Adolf Hitler, Iraq War (2003), Ronald Reagan, Franklin D. Roosevelt, Theodore Roosevelt, Josef Stalin, Margaret Thatcher, Harry S. Truman, war against terror, Woodrow Wilson,</subfield>
  </datafield>
  <datafield tag="504" ind1=" " ind2=" ">
    <subfield code="a">Includes bibliographical references (p. [668]-691) and index.</subfield>
  </datafield>
  <datafield tag="651" ind1=" " ind2="0">
    <subfield code="a">Great Britain</subfield>
    <subfield code="x">History</subfield>
    <subfield code="y">20th century.</subfield>
  </datafield>
  <datafield tag="651" ind1=" " ind2="0">
    <subfield code="a">Commonwealth countries</subfield>
    <subfield code="x">History</subfield>
    <subfield code="y">20th century.</subfield>
  </datafield>
  <datafield tag="651" ind1=" " ind2="0">
    <subfield code="a">English-speaking countries</subfield>
    <subfield code="x">History</subfield>
    <subfield code="y">20th century.</subfield>
  </datafield>
  <datafield tag="700" ind1="1" ind2=" ">
    <subfield code="a">Churchill, Winston,</subfield>
    <subfield code="d">1874-1965.</subfield>
    <subfield code="t">History of the English-speaking peoples.</subfield>
  </datafield>
  <datafield tag="910" ind1=" " ind2=" ">
    <subfield code="a">pct dlc mo</subfield>
  </datafield>
  <datafield tag="910" ind1=" " ind2=" ">
    <subfield code="a">gs olc mo pd</subfield>
    <subfield code="d">20070402</subfield>
    <subfield code="h">shlds</subfield>
    <subfield code="u">cat</subfield>
  </datafield>
  <datafield tag="948" ind1=" " ind2=" ">
    <subfield code="a">LTI 04/06/2007</subfield>
  </datafield>
  <datafield tag="948" ind1=" " ind2=" ">
    <subfield code="a">LTI 01/09/2009 qtrly</subfield>
  </datafield>
  <datafield tag="980" ind1=" " ind2=" ">
    <subfield code="a">070309</subfield>
    <subfield code="b">35.00</subfield>
    <subfield code="e">29.40</subfield>
    <subfield code="f">88107</subfield>
    <subfield code="g">1</subfield>
  </datafield>
  <datafield tag="994" ind1=" " ind2=" ">
    <subfield code="a">92</subfield>
    <subfield code="b">CUV</subfield>
  </datafield>
  <datafield tag="999" ind1=" " ind2=" ">
    <subfield code="a">PromptCat YBP approval</subfield>
  </datafield>
  <datafield tag="999" ind1=" " ind2=" ">
    <subfield code="a">OCLC Reclamation Project 8/2008</subfield>
  </datafield>
</record>