

<record xmlns="http://www.loc.gov/MARC21/slim"
xmlns:xsi="http://www.w3.org/2001/XMLSchema-instance"
xsi:schemaLocation="http://www.loc.gov/MARC21/slim
http://www.loc.gov/standards/marcxml/schema/MARC21slim.xsd">
  <leader>     cam  2200433 a 4500</leader>
  <controlfield tag="003">OCoLC</controlfield>
  <controlfield tag="005">20120224175527.0</controlfield>
  <controlfield tag="008">110114s2011    enka     b    001 0 eng c</controlfield>
  <datafield tag="016" ind1="7" ind2=" ">
    <subfield code="a">015771483</subfield>
    <subfield code="2">Uk</subfield>
  </datafield>
  <datafield tag="020" ind1=" " ind2=" ">
    <subfield code="a">9780199572946</subfield>
  </datafield>
  <datafield tag="020" ind1=" " ind2=" ">
    <subfield code="a">0199572941</subfield>
  </datafield>
  <datafield tag="035" ind1=" " ind2=" ">
    <subfield code="a">697264316</subfield>
  </datafield>
  <datafield tag="040" ind1=" " ind2=" ">
    <subfield code="a">BTCTA</subfield>
    <subfield code="b">eng</subfield>
    <subfield code="c">BTCTA</subfield>
    <subfield code="d">YDXCP</subfield>
    <subfield code="d">NLE</subfield>
    <subfield code="d">UKMGB</subfield>
    <subfield code="d">MIX</subfield>
    <subfield code="d">CDX</subfield>
    <subfield code="d">UPM</subfield>
    <subfield code="d">STF</subfield>
    <subfield code="d">PUL</subfield>
    <subfield code="d">RID</subfield>
    <subfield code="d">BWX</subfield>
  </datafield>
  <datafield tag="042" ind1=" " ind2=" ">
    <subfield code="a">pcc</subfield>
  </datafield>
  <datafield tag="043" ind1=" " ind2=" ">
    <subfield code="a">e-uk---</subfield>
  </datafield>
  <datafield tag="049" ind1=" " ind2=" ">
    <subfield code="a">CUVA</subfield>
  </datafield>
  <datafield tag="050" ind1="0" ind2="4">
    <subfield code="a">HD8039.D52</subfield>
    <subfield code="b">G7185 2011</subfield>
  </datafield>
  <datafield tag="082" ind1="0" ind2="4">
    <subfield code="a">331.761640460940904</subfield>
    <subfield code="2">22</subfield>
  </datafield>
  <datafield tag="100" ind1="1" ind2=" ">
    <subfield code="a">Delap, Lucy.</subfield>
  </datafield>
  <datafield tag="245" ind1="1" ind2="0">
    <subfield code="a">Knowing their place :</subfield>
    <subfield code="b">domestic service in twentieth-century Britain /</subfield>
    <subfield code="c">Lucy Delap.</subfield>
  </datafield>
  <datafield tag="260" ind1=" " ind2=" ">
    <subfield code="a">Oxford ;</subfield>
    <subfield code="a">New York :</subfield>
    <subfield code="b">Oxford University Press,</subfield>
    <subfield code="c">2011.</subfield>
  </datafield>
  <datafield tag="300" ind1=" " ind2=" ">
    <subfield code="a">xii, 260 p. :</subfield>
    <subfield code="b">ill. ;</subfield>
    <subfield code="c">24 cm.</subfield>
  </datafield>
  <datafield tag="504" ind1=" " ind2=" ">
    <subfield code="a">Includes bibliographical references (p. [244]-258) and index.</subfield>
  </datafield>
  <datafield tag="520" ind1="8" ind2=" ">
    <subfield code="a">&quot;Historians have traditionally seen domestic service as an obsolete or redundant sector from the middle of the 20th century. &apos;Knowing Their Place&apos; challenges this by linking the early 20th century employment of maids and cooks to later practices of employing au pairs, mothers&apos; helps, and cleaners. Lucy Delap tells the story of lives and labour within British homes, from great houses to suburbs and slums, and charts the interactions of servants and employers along with the intense controversies and emotions they inspired. [This book] also examines the employment of men and migrant workers, as well as the role of laughter and erotic desire in shaping domestic service. The memory of domestic service and the role of the past in shaping and mediating the present is examined through heritage and televisual sources, from &apos;Upstairs, Downstairs&apos; to &apos;The 1900 House.&apos; Drawing from advice manuals, magazines, novels, cinema, memoirs, feminist tracts, and photographs, this...book points to new directions in cultural history through its engagement in innovative areas such as the history of emotions and cultural memory&quot;--Publisher description.</subfield>
  </datafield>
  <datafield tag="505" ind1="0" ind2=" ">
    <subfield code="a">Twentieth-century servants -- Servant-keepers and the management of servants -- &quot;Doing for oneself&quot; : the servantless home -- Kitchen-sink laughter : domestic service humour -- &quot;The good, the bad, and the spicy&quot; : servants in pornography and erotica --Heritage nostalgia : domestic service remembered and performed.</subfield>
  </datafield>
  <datafield tag="650" ind1=" " ind2="0">
    <subfield code="a">Household employees</subfield>
    <subfield code="z">Great Britain</subfield>
    <subfield code="x">History</subfield>
    <subfield code="y">20th century.</subfield>
  </datafield>
  <datafield tag="651" ind1=" " ind2="0">
    <subfield code="a">Great Britain</subfield>
    <subfield code="x">History</subfield>
    <subfield code="y">20th century.</subfield>
  </datafield>
  <datafield tag="910" ind1=" " ind2=" ">
    <subfield code="a">YBP PromptCat autoload</subfield>
    <subfield code="d">20120106</subfield>
    <subfield code="u">PCAT-A</subfield>
  </datafield>
  <datafield tag="948" ind1=" " ind2=" ">
    <subfield code="a">LTI 01/20/2012</subfield>
  </datafield>
  <datafield tag="980" ind1=" " ind2=" ">
    <subfield code="a">120106</subfield>
    <subfield code="b">125.00</subfield>
    <subfield code="e">101.88</subfield>
    <subfield code="f">719979</subfield>
    <subfield code="g">1</subfield>
  </datafield>
  <datafield tag="981" ind1=" " ind2=" ">
    <subfield code="b">H/SSAPPYBPXXPRA-2012</subfield>
    <subfield code="d">40020270584</subfield>
  </datafield>
  <datafield tag="994" ind1=" " ind2=" ">
    <subfield code="a">92</subfield>
    <subfield code="b">CUV</subfield>
  </datafield>
  <datafield tag="997" ind1=" " ind2=" ">
    <subfield code="a">40020270584</subfield>
  </datafield>
  <datafield tag="999" ind1=" " ind2=" ">
    <subfield code="a">PromptCat YBP approval</subfield>
  </datafield>
  <datafield tag="961" ind1=" " ind2=" ">
    <subfield code="h">40020270584</subfield>
  </datafield>
</record>