

<record xmlns="http://www.loc.gov/MARC21/slim"
xmlns:xsi="http://www.w3.org/2001/XMLSchema-instance"
xsi:schemaLocation="http://www.loc.gov/MARC21/slim
http://www.loc.gov/standards/marcxml/schema/MARC21slim.xsd">
  <leader>     cam  2200433 a 4500</leader>
  <controlfield tag="003">OCoLC</controlfield>
  <controlfield tag="005">20120629194943.0</controlfield>
  <controlfield tag="008">111024s2012    nyua     b    001 0beng</controlfield>
  <datafield tag="010" ind1=" " ind2=" ">
    <subfield code="a">2011044274</subfield>
  </datafield>
  <datafield tag="019" ind1=" " ind2=" ">
    <subfield code="a">759174617</subfield>
  </datafield>
  <datafield tag="020" ind1=" " ind2=" ">
    <subfield code="a">9781608193721 (alk. paper)</subfield>
  </datafield>
  <datafield tag="020" ind1=" " ind2=" ">
    <subfield code="a">1608193721 (alk. paper)</subfield>
  </datafield>
  <datafield tag="035" ind1=" " ind2=" ">
    <subfield code="a">758845982</subfield>
  </datafield>
  <datafield tag="040" ind1=" " ind2=" ">
    <subfield code="a">DLC</subfield>
    <subfield code="b">eng</subfield>
    <subfield code="c">DLC</subfield>
    <subfield code="d">YDX</subfield>
    <subfield code="d">YDXCP</subfield>
    <subfield code="d">BDX</subfield>
    <subfield code="d">ORX</subfield>
    <subfield code="d">VP@</subfield>
    <subfield code="d">BTCTA</subfield>
    <subfield code="d">JRS</subfield>
    <subfield code="d">BWX</subfield>
  </datafield>
  <datafield tag="042" ind1=" " ind2=" ">
    <subfield code="a">pcc</subfield>
  </datafield>
  <datafield tag="043" ind1=" " ind2=" ">
    <subfield code="a">e-uk---</subfield>
  </datafield>
  <datafield tag="049" ind1=" " ind2=" ">
    <subfield code="a">CUVA</subfield>
  </datafield>
  <datafield tag="050" ind1="0" ind2="0">
    <subfield code="a">DA566.9.C5</subfield>
    <subfield code="b">C548 2012</subfield>
  </datafield>
  <datafield tag="082" ind1="0" ind2="0">
    <subfield code="a">941.084092</subfield>
    <subfield code="a">B</subfield>
    <subfield code="2">23</subfield>
  </datafield>
  <datafield tag="100" ind1="1" ind2=" ">
    <subfield code="a">Clarke, P. F.</subfield>
  </datafield>
  <datafield tag="245" ind1="1" ind2="0">
    <subfield code="a">Mr. Churchill&apos;s profession :</subfield>
    <subfield code="b">the statesman as author and the book that defined the &apos;special relationship&apos; /</subfield>
    <subfield code="c">Peter Clarke.</subfield>
  </datafield>
  <datafield tag="250" ind1=" " ind2=" ">
    <subfield code="a">1st U.S. ed.</subfield>
  </datafield>
  <datafield tag="260" ind1=" " ind2=" ">
    <subfield code="a">New York :</subfield>
    <subfield code="b">Bloomsbury Press,</subfield>
    <subfield code="c">2012.</subfield>
  </datafield>
  <datafield tag="300" ind1=" " ind2=" ">
    <subfield code="a">xix, 347 p. :</subfield>
    <subfield code="b">ill. ;</subfield>
    <subfield code="c">25 cm.</subfield>
  </datafield>
  <datafield tag="504" ind1=" " ind2=" ">
    <subfield code="a">Includes bibliographical references and index.</subfield>
  </datafield>
  <datafield tag="505" ind1="0" ind2=" ">
    <subfield code="a">The two careers of Winston S. Churchill. Father&apos;s boy: heritage, 1874-97 -- Mother&apos;s boy: the author of his fortune, 1898-1921 -- The author of his reputation. Entr&apos;acte -- The English-speaking peoples before Churchill -- One author, two contracts, 1922-32 -- The struggle on two fronts, 1933-38 -- The historian as prophet, 1938-39 -- The author of victory, 1940-45 -- The author as celebrity, 1945-65.</subfield>
  </datafield>
  <datafield tag="600" ind1="1" ind2="0">
    <subfield code="a">Churchill, Winston,</subfield>
    <subfield code="d">1874-1965</subfield>
    <subfield code="x">Literary art.</subfield>
  </datafield>
  <datafield tag="650" ind1=" " ind2="0">
    <subfield code="a">Prime ministers</subfield>
    <subfield code="z">Great Britain</subfield>
    <subfield code="v">Biography.</subfield>
  </datafield>
  <datafield tag="651" ind1=" " ind2="0">
    <subfield code="a">Great Britain</subfield>
    <subfield code="x">History</subfield>
    <subfield code="y">20th century.</subfield>
  </datafield>
  <datafield tag="910" ind1=" " ind2=" ">
    <subfield code="a">YBP PromptCat autoload</subfield>
    <subfield code="d">20120614</subfield>
    <subfield code="u">PCAT-A</subfield>
  </datafield>
  <datafield tag="948" ind1=" " ind2=" ">
    <subfield code="a">LTI 06/29/2012</subfield>
  </datafield>
  <datafield tag="980" ind1=" " ind2=" ">
    <subfield code="a">120613</subfield>
    <subfield code="b">30.00</subfield>
    <subfield code="e">24.45</subfield>
    <subfield code="f">927925</subfield>
    <subfield code="g">1</subfield>
  </datafield>
  <datafield tag="981" ind1=" " ind2=" ">
    <subfield code="b">H/SSAPPYBPXXPRA-2012</subfield>
    <subfield code="d">40020977509</subfield>
  </datafield>
  <datafield tag="994" ind1=" " ind2=" ">
    <subfield code="a">92</subfield>
    <subfield code="b">CUV</subfield>
  </datafield>
  <datafield tag="997" ind1=" " ind2=" ">
    <subfield code="a">40020977509</subfield>
  </datafield>
  <datafield tag="999" ind1=" " ind2=" ">
    <subfield code="a">PromptCat YBP approval</subfield>
  </datafield>
  <datafield tag="961" ind1=" " ind2=" ">
    <subfield code="h">40020977509</subfield>
  </datafield>
</record>