

<record xmlns="http://www.loc.gov/MARC21/slim"
xmlns:xsi="http://www.w3.org/2001/XMLSchema-instance"
xsi:schemaLocation="http://www.loc.gov/MARC21/slim
http://www.loc.gov/standards/marcxml/schema/MARC21slim.xsd">
  <leader>     cam  2200589 a 4500</leader>
  <controlfield tag="003">OCoLC</controlfield>
  <controlfield tag="005">20120828145656.0</controlfield>
  <controlfield tag="008">110902r20112011nyuf     b    000 0aeng</controlfield>
  <datafield tag="010" ind1=" " ind2=" ">
    <subfield code="a">2011037070</subfield>
  </datafield>
  <datafield tag="019" ind1=" " ind2=" ">
    <subfield code="a">800922245</subfield>
  </datafield>
  <datafield tag="020" ind1=" " ind2=" ">
    <subfield code="a">9780812993332 (acid-free paper)</subfield>
  </datafield>
  <datafield tag="020" ind1=" " ind2=" ">
    <subfield code="a">0812993330 (acid-free paper)</subfield>
  </datafield>
  <datafield tag="020" ind1=" " ind2=" ">
    <subfield code="z">9780679645184 (ebook)</subfield>
  </datafield>
  <datafield tag="020" ind1=" " ind2=" ">
    <subfield code="z">0679645187 (ebook)</subfield>
  </datafield>
  <datafield tag="035" ind1=" " ind2=" ">
    <subfield code="a">751250598</subfield>
  </datafield>
  <datafield tag="040" ind1=" " ind2=" ">
    <subfield code="a">DLC</subfield>
    <subfield code="b">eng</subfield>
    <subfield code="c">DLC</subfield>
    <subfield code="d">BTCTA</subfield>
    <subfield code="d">BDX</subfield>
    <subfield code="d">YDXCP</subfield>
    <subfield code="d">IAD</subfield>
    <subfield code="d">ABG</subfield>
    <subfield code="d">MLY</subfield>
    <subfield code="d">TXA</subfield>
    <subfield code="d">BWX</subfield>
  </datafield>
  <datafield tag="042" ind1=" " ind2=" ">
    <subfield code="a">pcc</subfield>
  </datafield>
  <datafield tag="043" ind1=" " ind2=" ">
    <subfield code="a">e-uk---</subfield>
  </datafield>
  <datafield tag="050" ind1=" " ind2="4">
    <subfield code="a">DA566.9.S57</subfield>
    <subfield code="b">A3 2011b</subfield>
  </datafield>
  <datafield tag="082" ind1="0" ind2="0">
    <subfield code="a">941.084092</subfield>
    <subfield code="a">B</subfield>
    <subfield code="2">23</subfield>
  </datafield>
  <datafield tag="100" ind1="1" ind2=" ">
    <subfield code="a">Soames, Mary.</subfield>
  </datafield>
  <datafield tag="245" ind1="1" ind2="2">
    <subfield code="a">A daughter&apos;s tale :</subfield>
    <subfield code="b">the memoir of Winston Churchill&apos;s youngest child /</subfield>
    <subfield code="c">Mary Soames.</subfield>
  </datafield>
  <datafield tag="250" ind1=" " ind2=" ">
    <subfield code="a">1st U.S. ed.</subfield>
  </datafield>
  <datafield tag="260" ind1=" " ind2=" ">
    <subfield code="a">New York :</subfield>
    <subfield code="b">Random House,</subfield>
    <subfield code="c">c2011.</subfield>
  </datafield>
  <datafield tag="300" ind1=" " ind2=" ">
    <subfield code="a">viii, 356 p., [32] p. of plates :</subfield>
    <subfield code="b">ill. ;</subfield>
    <subfield code="c">25 cm.</subfield>
  </datafield>
  <datafield tag="500" ind1=" " ind2=" ">
    <subfield code="a">Originally published: A daughter&apos;s tale : the memoir of Winston and Clementine Churchill&apos;s youngest child. London : Doubleday, 2011.</subfield>
  </datafield>
  <datafield tag="504" ind1=" " ind2=" ">
    <subfield code="a">Includes bibliographical references.</subfield>
  </datafield>
  <datafield tag="505" ind1="0" ind2=" ">
    <subfield code="a">Chartwell child -- A widening world -- Sisters and cousins -- Growing up with grown-ups -- Family affairs -- A bright life and a darkening horizon -- Clearing the decks -- A year to remember -- At Chequers -- Decisions-- decisions-- decisions -- &quot;A soldier&apos;s life is terrible hard--&quot; -- Battery life -- An officer and a gentlewoman -- &quot;Subaltern George&quot; -- Testing times -- Doodlebugs -- Paris again -- Europe arise! -- Triumph and disaster -- &quot;Civvy Street&quot;.</subfield>
  </datafield>
  <datafield tag="520" ind1=" " ind2=" ">
    <subfield code="a">The youngest daughter of Winston Churchill recalls her childhood spent roaming the family&apos;s country estate, her position as one of her father&apos;s most trusted companions, and her service as a gunner in the women&apos;s auxiliary during World War II.</subfield>
  </datafield>
  <datafield tag="600" ind1="1" ind2="0">
    <subfield code="a">Soames, Mary</subfield>
    <subfield code="x">Childhood and youth.</subfield>
  </datafield>
  <datafield tag="600" ind1="1" ind2="0">
    <subfield code="a">Churchill, Winston,</subfield>
    <subfield code="d">1874-1965.</subfield>
  </datafield>
  <datafield tag="600" ind1="1" ind2="0">
    <subfield code="a">Churchill, Clementine,</subfield>
    <subfield code="d">1885-1977.</subfield>
  </datafield>
  <datafield tag="600" ind1="1" ind2="0">
    <subfield code="a">Soames, Mary</subfield>
    <subfield code="x">Family.</subfield>
  </datafield>
  <datafield tag="651" ind1=" " ind2="0">
    <subfield code="a">Great Britain</subfield>
    <subfield code="x">History</subfield>
    <subfield code="y">George VI, 1936-1952.</subfield>
  </datafield>
  <datafield tag="650" ind1=" " ind2="0">
    <subfield code="a">World War, 1939-1945</subfield>
    <subfield code="z">Great Britain.</subfield>
  </datafield>
  <datafield tag="651" ind1=" " ind2="0">
    <subfield code="a">Great Britain</subfield>
    <subfield code="v">Biography.</subfield>
  </datafield>
  <datafield tag="600" ind1="1" ind2="7">
    <subfield code="a">Soames, Mary.</subfield>
    <subfield code="2">sears</subfield>
  </datafield>
  <datafield tag="600" ind1="1" ind2="7">
    <subfield code="a">Churchill, Winston,</subfield>
    <subfield code="d">1874-1965.</subfield>
    <subfield code="2">sears</subfield>
  </datafield>
  <datafield tag="600" ind1="1" ind2="7">
    <subfield code="a">Churchill, Clementine,</subfield>
    <subfield code="d">1885-1977.</subfield>
    <subfield code="2">sears</subfield>
  </datafield>
  <datafield tag="600" ind1="1" ind2="7">
    <subfield code="a">Soames, Mary</subfield>
    <subfield code="x">Family.</subfield>
    <subfield code="2">sears</subfield>
  </datafield>
  <datafield tag="651" ind1=" " ind2="7">
    <subfield code="a">Great Britain</subfield>
    <subfield code="x">History</subfield>
    <subfield code="y">20th century.</subfield>
    <subfield code="2">sears</subfield>
  </datafield>
  <datafield tag="650" ind1=" " ind2="7">
    <subfield code="a">World War, 1939-1945</subfield>
    <subfield code="z">Great Britain.</subfield>
    <subfield code="2">sears</subfield>
  </datafield>
  <datafield tag="651" ind1=" " ind2="7">
    <subfield code="a">Great Britain</subfield>
    <subfield code="v">Biography.</subfield>
    <subfield code="2">sears</subfield>
  </datafield>
  <datafield tag="910" ind1=" " ind2=" ">
    <subfield code="a">bsp olc mo pd</subfield>
    <subfield code="d">20120820</subfield>
    <subfield code="h">shlds</subfield>
    <subfield code="u">cat</subfield>
  </datafield>
  <datafield tag="994" ind1=" " ind2=" ">
    <subfield code="a">C0</subfield>
    <subfield code="b">CUV</subfield>
  </datafield>
  <datafield tag="999" ind1=" " ind2=" ">
    <subfield code="a">PromptCat YBP approval</subfield>
  </datafield>
</record>